<?xml version="1.0" encoding="UTF-8"?><collection xmlns="http://www.loc.gov/MARC21/slim"><record><leader>00477nam--2200181-i-4500</leader><controlfield tag="001">000005206</controlfield><controlfield tag="002">20161230</controlfield><controlfield tag="005">20161230201026</controlfield><controlfield tag="008">060222s1000------------r-----000-0-eng-d</controlfield><datafield ind1=" " ind2=" " tag="040"><subfield code="a">IFIN-HH</subfield></datafield><datafield ind1=" " ind2=" " tag="080"><subfield code="a">535.33:621.37</subfield></datafield><datafield ind1="1" ind2=" " tag="100"><subfield code="a">Cannon, C.G</subfield></datafield><datafield ind1="1" ind2="0" tag="245"><subfield code="a">Electronics for spectroscopists</subfield><subfield code="c">C.G. CANNON (Ed.)</subfield></datafield><datafield ind1=" " ind2=" " tag="260"><subfield code="a">London</subfield><subfield code="b">Hilger &amp; Watts Ltd</subfield><subfield code="c">1960</subfield></datafield><datafield ind1=" " ind2=" " tag="300"><subfield code="a">333 P</subfield></datafield><datafield ind1=" " ind2=" " tag="490"><subfield code="a">Schwarz Memorial Volume</subfield></datafield><datafield ind1=" " ind2=" " tag="852"><subfield code="a">15825</subfield><subfield code="c">535.33</subfield></datafield><datafield ind1=" " ind2=" " tag="CAT"><subfield code="a">Sys</subfield><subfield code="c">20101202</subfield><subfield code="h">095615</subfield></datafield></record></collection>